<record><leader>00000cas a22000007a 4500</leader><controlfield tag="001">16658104</controlfield><controlfield tag="008">870909d19531978vaudr ne      0    0eng d</controlfield><datafield ind1=" " ind2=" " tag="010"><subfield code="a">sn 87060320 </subfield></datafield><datafield ind1=" " ind2=" " tag="040"><subfield code="a">KNP</subfield><subfield code="b">eng</subfield><subfield code="c">KNP</subfield><subfield code="d">NSD</subfield><subfield code="d">KNP</subfield><subfield code="d">NVK</subfield><subfield code="d">OCLCQ</subfield><subfield code="d">OCLCF</subfield><subfield code="d">OCLCO</subfield></datafield><datafield ind1="1" ind2=" " tag="029"><subfield code="a">AU@</subfield><subfield code="b">000025836481</subfield></datafield><datafield ind1=" " ind2=" " tag="042"><subfield code="a">msc</subfield></datafield><datafield ind1=" " ind2=" " tag="043"><subfield code="a">n-us-va</subfield></datafield><datafield ind1=" " ind2="4" tag="050"><subfield code="a">F234.C9</subfield><subfield code="b">C95 1956</subfield></datafield><datafield ind1="0" ind2="0" tag="245"><subfield code="a">Culpeper star-exponent.</subfield></datafield><datafield ind1=" " ind2=" " tag="260"><subfield code="a">Culpeper, Va. :</subfield><subfield code="b">Walter B. Potter,</subfield><subfield code="c">1953-1978.</subfield></datafield><datafield ind1=" " ind2=" " tag="300"><subfield code="a">v. :</subfield><subfield code="b">ill.</subfield></datafield><datafield ind1=" " ind2=" " tag="310"><subfield code="a">Daily,</subfield><subfield code="b">Mar. 4, 1963-</subfield></datafield><datafield ind1=" " ind2=" " tag="321"><subfield code="a">Weekly,</subfield><subfield code="b">-Feb. 28, 1963</subfield></datafield><datafield ind1="0" ind2=" " tag="362"><subfield code="a">Vol. 73, no. 1 (Apr. 2, 1953)-v. 98, no. 21 (May 9, 1978).</subfield></datafield><datafield ind1=" " ind2="0" tag="651"><subfield code="a">Culpeper (Va.)</subfield><subfield code="v">Newspapers.</subfield></datafield><datafield ind1=" " ind2="7" tag="655"><subfield code="a">Newspapers.</subfield><subfield code="2">fast</subfield><subfield code="0">(OCoLC)fst01423814</subfield></datafield><datafield ind1=" " ind2="7" tag="651"><subfield code="a">Virginia</subfield><subfield code="z">Culpeper.</subfield><subfield code="2">fast</subfield><subfield code="0">(OCoLC)fst01214679</subfield></datafield><datafield ind1=" " ind2=" " tag="752"><subfield code="a">United States</subfield><subfield code="b">Virginia</subfield><subfield code="c">Culpeper</subfield><subfield code="d">Culpeper.</subfield></datafield><datafield ind1="0" ind2="4" tag="780"><subfield code="t">Virginia star (Culpeper, Va.)</subfield><subfield code="w">(DLC)sn 95079159</subfield></datafield><datafield ind1="0" ind2="4" tag="780"><subfield code="t">Culpeper exponent (Culpeper, Va.)</subfield><subfield code="w">(DLC)sn 94059354</subfield></datafield><datafield ind1="0" ind2="0" tag="785"><subfield code="t">Star-exponent</subfield><subfield code="x">0746-7923</subfield><subfield code="w">(DLC)sn 84007507</subfield></datafield></record>